<?xml version="1.0" encoding="UTF-8"?><collection xmlns="info:lc/xmlns/marcxchange-v2" xsi:schemaLocation="info:lc/xmlns/marcxchange-v2 http://www.loc.gov/standards/iso25577/marcxchange-2-0.xsd" xmlns:xsi="http://www.w3.org/2001/XMLSchema-instance"><record format="MARC21" type="Bibliographic"><leader>03059cam  2200301 i 4500</leader><controlfield tag="001">   77123332 </controlfield><controlfield tag="003">DLC</controlfield><controlfield tag="005">20051218154744.0</controlfield><controlfield tag="008">981008b2001    ilu           000 0 eng  </controlfield><datafield ind2=" " ind1=" " tag="040"><subfield code="a">DLC</subfield><subfield code="c">DLC</subfield><subfield code="d">DLC</subfield></datafield><datafield ind2=" " ind1=" " tag="010"><subfield code="a">   77123332 </subfield></datafield><datafield ind2="0" ind1="0" tag="245"><subfield code="a">OCLC diacritic and special character test record.</subfield></datafield><datafield ind2=" " ind1=" " tag="260"><subfield code="a">ny :</subfield><subfield code="b">ny,</subfield><subfield code="c">2001.</subfield></datafield><datafield ind2=" " ind1=" " tag="300"><subfield code="a">100 p. ;</subfield><subfield code="c">12 cm.</subfield></datafield><datafield ind2=" " ind1=" " tag="500"><subfield code="a">VOYAGER COLUMN 0  (NEW):  Degree sign (°);  Phono Copyright mark (℗);  Copyright mark (©);  Sharp (♯);  Inverted Question mark (¿);  Inverted Exclamation mark (¡); Eszett (ß); Euro (€).</subfield></datafield><datafield ind2=" " ind1=" " tag="500"><subfield code="a">VOYAGER COLUMN 1:  Script L (ℓ);  Polish L (Ł);  Scandanavian O (Ø);  D with Crossbar (Đ);  Icelandic Thorn (Þ);  AE Digraph (Æ); OE Digraph (Œ);  Miagkii Znak (ʹ);  Dot at Midline (·).</subfield></datafield><datafield ind2=" " ind1=" " tag="500"><subfield code="a">VOYAGER COLUMN 2:  Musical Flat (♭);  Patent Mark (®);  Plus or Minus (±);  O Hook (Ơ);  U Hook (Ư);  Alif (ʼ);  alpha (α);  Ayn (ʻ);  Polish l (ł).</subfield></datafield><datafield ind2=" " ind1=" " tag="500"><subfield code="a">VOYAGER COLUMN 3:  Scandanavian o (ø);  d with crossbar (đ);  Icelandic Thorn (þ);  ae Digraph (æ);  oe Digraph (œ);  Tverdii Znak (ʺ);  Turkish i (ı);  British Pound (£);  eth (ð).</subfield></datafield><datafield ind2=" " ind1=" " tag="500"><subfield code="a">VOYAGER COLUMN 4:  Dagger (DO NOT USE);  o Hook (ơ);  u Hook (ư);  Beta (β);  Gamma (γ);  Superscript 0 (⁰);  Superscript 1 (¹);  Superscript 2 (²);  Superscript 3 (³).</subfield></datafield><datafield ind2=" " ind1=" " tag="500"><subfield code="a">VOYAGER COLUMN 5:  Superscript 4 (⁴);  Superscript 5 (⁵);  Superscript 6 (⁶);  Superscript 7 (⁷);  Superscript 8 (⁸);  Superscript 9 (⁹);  Superscript + (⁺);  Superscript - (⁻);  Superscript ( (⁽).</subfield></datafield><datafield ind2=" " ind1=" " tag="500"><subfield code="a">VOYAGER COLUMN 6:  Superscript ) (⁾);  Subscript 0 (₀);  Subscript  1 (₁);  Subscript 2 (₂);  Subscript 3 (₃);  Subscript 4 (₄);  Subscript 5 (₅);  Subscript 6 (₆);  Subscript 7 (₇).</subfield></datafield><datafield ind2=" " ind1=" " tag="500"><subfield code="a">VOYAGER COLUMN 7:  Subscript 8 (₈);  Subscript 9 (₉);  Subscript + (₊);  Subscript - (₋);  Subscript ( (₍);  Subscript ) (₎);  Pseudo Question Mark (ỏ);  Grave (ò);  Acute (ó).</subfield></datafield><datafield ind2=" " ind1=" " tag="500"><subfield code="a">VOYAGER COLUMN 8:  Circumflex (ô);  Tilde (õ);  Macron (ō);  Breve (ŏ);  Superior Dot (ȯ);  Umlaut (ö);  Hacek (ǒ);  Circle Above (o̊);  Ligature left (o͡).</subfield></datafield><datafield ind2=" " ind1=" " tag="500"><subfield code="a">VOYAGER COLUMN 9:  Ligature right (o) ;  High Comma off center (o̕);  Double Acute (ő);  Candrabindu (o̐);  Cedilla (o̧);  Right Hook (ǫ);  Dot Below (ọ);  Double Dot Below (o̤);  Circle Below (o̥).</subfield></datafield><datafield ind2=" " ind1=" " tag="500"><subfield code="a">VOYAGER COLUMN 10:  Double Underscore (o̳);  Underscore (o̲);  Left Hook (o̦);  Right Cedilla (o̜);  Upadhmaniya (o̮);  Double Tilde 1st half (o͠);  Double Tilde 2nd half (o) ;  High Comma centered (o̓).</subfield></datafield><datafield ind2=" " ind1=" " tag="500"><subfield code="a">VOYAGER PC Keyboard:  Spacing Circumflex (^); Spacing Underscore (_); Spacing Grave (`); Open Curly Bracket ({); Close Curly Bracket (}); Spacing Tilde (~).</subfield></datafield><datafield ind2=" " ind1=" " tag="500"><subfield code="a">Standard PC Keyboard:   1234567890-=   !@#$%^&amp;*()_+   qwertyuiop[]\   QWERTYUIOP{}|   asdfghjkl;'  ASDFGHJKL:"   zxcvbnm,./   ZXCVBNM&lt;&gt;?</subfield></datafield><datafield ind2=" " ind1=" " tag="500"><subfield code="a">Double Tilde, 1st and 2nd halves (o͠o) ; Ligature, both halves (o͡o).</subfield></datafield></record></collection>